@book{sweigart2015automate,
  title={Automate the Boring Stuff with Python: Practical Programming for Total Beginners},
  author={Sweigart, A.},
  isbn={9781593275990},
  lccn={2014953114},
  url={https://books.google.com.br/books?id=HhCkoAEACAAJ},
  year={2015},
  publisher={No Starch Press}
}
